@article{chamberlain2022rgbif,
  title={rgbif: interface to the global biodiversity information facility API},
  author={Chamberlain, Scott and Oldoni, Damiano and Waller, John},
  year={2022}
}

@article{blumentrath2016v,
  title={v. in. pygbif-Search and import GBIF species distribution data},
  author={Blumentrath, Stefan and Kudrnovsky, Helmut},
  year={2016},
  publisher={Norsk institutt for naturforskning}
}

@article{chauvier2021influence,
  title={Influence of climate, soil, and land cover on plant species distribution in the European Alps},
  author={Chauvier, Yohann and Thuiller, Wilfried and Brun, Philipp and Lavergne, S{\'e}bastien and Descombes, Patrice and Karger, Dirk N and Renaud, Julien and Zimmermann, Niklaus E},
  journal={Ecological monographs},
  volume={91},
  number={2},
  pages={e01433},
  year={2021},
  publisher={Wiley Online Library}
}

@article{chauvier2022resolution,
  title={Resolution in species distribution models shapes spatial patterns of plant multifaceted diversity},
  author={Chauvier, Yohann and Descombes, Patrice and Gu{\'e}guen, Maya and Boulangeat, Louise and Thuiller, Wilfried and Zimmermann, Niklaus E},
  journal={Ecography},
  pages={e05973},
  year={2022},
  publisher={Wiley Online Library}
}

@article{zizka2019coordinatecleaner,
  title={CoordinateCleaner: Standardized cleaning of occurrence records from biological collection databases},
  author={Zizka, Alexander and Silvestro, Daniele and Andermann, Tobias and Azevedo, Josu{\'e} and Duarte Ritter, Camila and Edler, Daniel and Farooq, Harith and Herdean, Andrei and Ariza, Mar{\'\i}a and Scharn, Ruud and others},
  journal={Methods in Ecology and Evolution},
  volume={10},
  number={5},
  pages={744--751},
  year={2019},
  publisher={Wiley Online Library}
}

@misc{hijmans2021terra,
  title={terra: Spatial Data Analysis. R Package Version 1.6-7},
  author={Hijmans, Robert J},
  year={2021}
}
